<?xml version="1.0" encoding="UTF-8"?><collection xmlns="http://www.loc.gov/MARC21/slim"><record><leader>00409nam--2200145-i-4500</leader><controlfield tag="001">000042301</controlfield><controlfield tag="002">20161230</controlfield><controlfield tag="005">20161230201043</controlfield><controlfield tag="008">060222s1000------------r-----000-0-eng-d</controlfield><datafield ind1=" " ind2=" " tag="080"><subfield code="a">512.743:512.81</subfield></datafield><datafield ind1=" " ind2=" " tag="100"><subfield code="a">Soto Andrade,Jorge</subfield></datafield><datafield ind1=" " ind2=" " tag="245"><subfield code="a">Les representations (des groupes classiques finis gsp(4,fq) et sp(4,fq). these</subfield></datafield><datafield ind1=" " ind2=" " tag="260"><subfield code="a">Paris, Univ.,1975</subfield></datafield><datafield ind1=" " ind2=" " tag="852"><subfield code="a">48411</subfield><subfield code="c">512</subfield></datafield><datafield ind1=" " ind2=" " tag="CAT"><subfield code="a">Sys</subfield><subfield code="c">20080514</subfield><subfield code="h">142533</subfield></datafield></record></collection>